<?xml version="1.0" encoding="UTF-8"?><record xmlns="http://www.loc.gov/MARC21/slim" xmlns:cinclude="http://apache.org/cocoon/include/1.0" xmlns:zs="http://www.loc.gov/zing/srw/">
  <leader>00426cz  a2200121n  4500</leader>
  <controlfield tag="001">n  95050708 </controlfield>
  <controlfield tag="003">DLC</controlfield>
  <controlfield tag="005">19950523090112.8</controlfield>
  <controlfield tag="008">950522n| acannaab|          |n aaa |||  </controlfield>
  <datafield tag="010" ind1=" " ind2=" ">
    <subfield code="a">n  95050708 </subfield>
  </datafield>
  <datafield tag="040" ind1=" " ind2=" ">
    <subfield code="a">DLC</subfield>
    <subfield code="c">DLC</subfield>
    <subfield code="d">DLC</subfield>
  </datafield>
  <datafield tag="100" ind1="1" ind2="0">
    <subfield code="a">Lewis, Catherine,</subfield>
    <subfield code="d">1956-</subfield>
  </datafield>
  <datafield tag="670" ind1=" " ind2=" ">
    <subfield code="a">Dry fire, 1995:</subfield>
    <subfield code="b">CIP t.p. (Catherine Lewis) front matter (police officer who lives in Tallahassee; Ph. D candidate at Florida State) data sheet (b. May 6, 1956)</subfield>
  </datafield>
</record>